@book{jmt,
  title={Computational Physics},
  author={Thijssen, J.},
  isbn={9780521833462},
  lccn={2006038173},
  url={https://books.google.nl/books?id=ThtNausKMn4C},
  year={2007},
  publisher={Cambridge University Press}
}
@article{hsu2011review,
  title={A review of Monte Carlo simulations of polymers with PERM},
  author={Hsu, Hsiao-Ping and Grassberger, Peter},
  journal={Journal of Statistical Physics},
  volume={144},
  number={3},
  pages={597--637},
  year={2011},
  publisher={Springer}
}
@article{rosenbluth1955monte,
  title={Monte Carlo calculation of the average extension of molecular chains},
  author={Rosenbluth, Marshall N and Rosenbluth, Arianna W},
  journal={The Journal of Chemical Physics},
  volume={23},
  number={2},
  pages={356--359},
  year={1955},
  publisher={AIP Publishing}
}
@article{batoulis1988statistical,
  title={Statistical properties of biased sampling methods for long polymer chains},
  author={Batoulis, Jannis and Kremer, Kurt},
  journal={Journal of Physics A: Mathematical and General},
  volume={21},
  number={1},
  pages={127},
  year={1988},
  publisher={IOP Publishing}
}
@article{grassberger1997pruned,
  title={Pruned-enriched Rosenbluth method: Simulations of $\theta$ polymers of chain length up to 1 000 000},
  author={Grassberger, Peter},
  journal={Physical Review E},
  volume={56},
  number={3},
  pages={3682},
  year={1997},
  publisher={APS}
}